<record><leader>01303cam a2200313I  4500</leader><controlfield tag="001">010842843</controlfield><controlfield tag="003">MiAaHDL</controlfield><controlfield tag="005">20180824000000.0</controlfield><controlfield tag="006">m        d        </controlfield><controlfield tag="007">cr bn ---auaua</controlfield><controlfield tag="008">900530p1923uuuunyu      b    000 0 eng  </controlfield><datafield tag="010" ind1=" " ind2=" "><subfield code="a">   23010241 </subfield></datafield><datafield tag="035" ind1=" " ind2=" "><subfield code="a">sdr-uiuc3108897</subfield></datafield><datafield tag="035" ind1=" " ind2=" "><subfield code="a">sdr-chi3928999</subfield></datafield><datafield tag="035" ind1=" " ind2=" "><subfield code="a">(OCoLC)5377179</subfield></datafield><datafield tag="040" ind1=" " ind2=" "><subfield code="a">DLC</subfield><subfield code="b">eng</subfield><subfield code="c">CLE</subfield><subfield code="d">OCL</subfield><subfield code="d">OCLCQ</subfield><subfield code="d">OCLCF</subfield><subfield code="d">OCLCQ</subfield><subfield code="d">OCLCO</subfield></datafield><datafield tag="049" ind1=" " ind2=" "><subfield code="a">UIUU</subfield></datafield><datafield tag="050" ind1=" " ind2=" "><subfield code="a">Z5170</subfield><subfield code="b">.N53</subfield></datafield><datafield tag="082" ind1=" " ind2="4"><subfield code="a">016.621323</subfield><subfield code="b">N4896a</subfield></datafield><datafield tag="110" ind1="2" ind2=" "><subfield code="a">New York Public Library.</subfield></datafield><datafield tag="245" ind1="1" ind2="0"><subfield code="a">Automobile tires;</subfield><subfield code="b">a list of references in the New York public library,</subfield><subfield code="c">comp. by Marcia Babcock Konstanzer, Technology division.</subfield></datafield><datafield tag="260" ind1=" " ind2=" "><subfield code="a">New York,</subfield><subfield code="b">[Printed at the New York public library]</subfield><subfield code="c">1923.</subfield></datafield><datafield tag="300" ind1=" " ind2=" "><subfield code="a">25 pages</subfield><subfield code="c">26 cm</subfield></datafield><datafield tag="336" ind1=" " ind2=" "><subfield code="a">text</subfield><subfield code="b">txt</subfield><subfield code="2">rdacontent</subfield></datafield><datafield tag="337" ind1=" " ind2=" "><subfield code="a">unmediated</subfield><subfield code="b">n</subfield><subfield code="2">rdamedia</subfield></datafield><datafield tag="338" ind1=" " ind2=" "><subfield code="a">volume</subfield><subfield code="b">nc</subfield><subfield code="2">rdacarrier</subfield></datafield><datafield tag="500" ind1=" " ind2=" "><subfield code="a">"Reprinted March 1923 from the Bulletin of the New York public library of February 1923", p. 124-146.</subfield></datafield><datafield tag="538" ind1=" " ind2=" "><subfield code="a">Mode of access: Internet.</subfield></datafield><datafield tag="650" ind1=" " ind2="7"><subfield code="a">Tires.</subfield><subfield code="2">fast</subfield><subfield code="0">(OCoLC)fst01151458</subfield></datafield><datafield tag="650" ind1=" " ind2="0"><subfield code="a">Tires</subfield><subfield code="v">Bibliography.</subfield></datafield><datafield tag="655" ind1=" " ind2="7"><subfield code="a">Bibliography.</subfield><subfield code="2">fast</subfield><subfield code="0">(OCoLC)fst01423717</subfield></datafield><datafield tag="700" ind1="1" ind2=" "><subfield code="a">Konstanzer, Marcia Babcock.</subfield></datafield><datafield tag="776" ind1="0" ind2="8"><subfield code="i">Online version:</subfield><subfield code="a">New York Public Library.</subfield><subfield code="t">Automobile tires.</subfield><subfield code="d">New York, [Printed at the New York public library] 1923</subfield><subfield code="w">(OCoLC)761928006</subfield></datafield><datafield tag="CID" ind1=" " ind2=" "><subfield code="a">010842843</subfield></datafield><datafield tag="DAT" ind1="0" ind2=" "><subfield code="a">20180820091201.0</subfield><subfield code="b">20180824000000.0</subfield></datafield><datafield tag="DAT" ind1="1" ind2=" "><subfield code="a">20180825090536.0</subfield><subfield code="b">2019-01-31T20:18:14Z</subfield></datafield><datafield tag="DAT" ind1="2" ind2=" "><subfield code="a">2019-01-31T19:00:02Z</subfield><subfield code="b">2019-01-29T21:00:03Z</subfield></datafield><datafield tag="CAT" ind1=" " ind2=" "><subfield code="a">SDR-UIUC</subfield><subfield code="d">UNKNOWN</subfield><subfield code="l">prepare.pl-004-007</subfield></datafield><datafield tag="FMT" ind1=" " ind2=" "><subfield code="a">BK</subfield></datafield><datafield tag="HOL" ind1=" " ind2=" "><subfield code="0">sdr-uiuc3108897</subfield><subfield code="a">uiug</subfield><subfield code="b">SDR</subfield><subfield code="c">UIUC</subfield><subfield code="p">uiug.30112119676127</subfield><subfield code="s">UIU</subfield><subfield code="1">3108897</subfield></datafield><datafield tag="974" ind1=" " ind2=" "><subfield code="b">UIU</subfield><subfield code="c">UIUC</subfield><subfield code="d">20190131</subfield><subfield code="s">google</subfield><subfield code="u">uiug.30112119676127</subfield><subfield code="r">pdus</subfield><subfield code="q">gfv</subfield></datafield><datafield tag="974" ind1=" " ind2=" "><subfield code="b">CHI</subfield><subfield code="c">CHI</subfield><subfield code="d">20220421</subfield><subfield code="s">google</subfield><subfield code="u">chi.086497447</subfield><subfield code="z">c.1</subfield><subfield code="r">pdus</subfield><subfield code="q">gfv</subfield></datafield></record>